@article{colafrancesco2006multi,
  title={Multi-frequency analysis of neutralino dark matter annihilations in the Coma cluster},
  author={Colafrancesco, Sergio and Profumo, Stefano and Ullio, Piero},
  journal={Astronomy \& Astrophysics},
  volume={455},
  number={1},
  pages={21--43},
  year={2006},
  publisher={EDP Sciences}
}
@article{longair1994high,
  title={High energy astrophysics: vol. 1},
  author={Longair, Malcolm S},
  journal={Comments on Astrophysics},
  volume={17},
  pages={259--261},
  year={1994}
}
@article{quartuccio2015anti,
  title={Anti-SSA/SSB-negative Sj{\"o}gren's syndrome shows a lower prevalence of lymphoproliferative manifestations, and a lower risk of lymphoma evolution},
  author={Quartuccio, Luca and Baldini, Chiara and Bartoloni, Elena and Priori, Roberta and Carubbi, Francesco and Corazza, Laura and Alunno, Alessia and Colafrancesco, Serena and Luciano, Nicoletta and Giacomelli, Roberto and others},
  journal={Autoimmunity reviews},
  volume={14},
  number={11},
  pages={1019--1022},
  year={2015},
@article{giommi2006swift,
  title={Swift and infra-red observations of the blazar 3C 454.3 during the giant X-ray flare of May 2005},
  author={Giommi, P and Blustin, AJ and Capalbi, M and Colafrancesco, S and Cucchiara, A and Fuhrmann, L and Krimm, HA and Marchili, N and Massaro, E and Perri, M and others},
  journal={Astronomy \& Astrophysics},
  volume={456},
  number={3},
  pages={911--916},
  year={2006},
  publisher={EDP Sciences}
}  publisher={Elsevier
}

@article{gondolo2004p,
  title={P. Gondolo, J. Edsjo, P. Ullio, L. Bergstrom, M. Schelke, and EA Baltz, J. Cosmol. Astropart. Phys. 07 (2004) 008.},
  author={Gondolo, P},
  journal={J. Cosmol. Astropart. Phys.},
  volume={2004},
  pages={008},
  year={2004}
}@article{abdo2010spectral,
  title={The spectral energy distribution of Fermi bright blazars},
  author={Abdo, AA and Ackermann, Markus and Agudo, I and Ajello, M and Aller, HD and Aller, MF and Angelakis, E and Arkharov, AA and Axelsson, Magnus and Bach, U and others},
  journal={The Astrophysical Journal},
  volume={716},
  number={1},
  pages={30},
  year={2010},
  publisher={IOP Publishing
}

}
@book{baum2004schlug,
  title={" Es schlug mein Herz, geschwind zu Pferde!": zur Poesie des Pferdemotivs in Goethes Alltag und in seinem Werk},
  author={Baum, Marlene},
  volume={17},
  year={2004},
  publisher={quartus-Verlag}
}
@article{massey2007dark,
  title={Dark matter maps reveal cosmic scaffolding},
  author={Massey, Richard and Rhodes, Jason and Ellis, Richard and Scoville, Nick and Leauthaud, Alexie and Finoguenov, Alexis and Capak, Peter and Bacon, David and Aussel, Herv{\'e} and Kneib, Jean-Paul and others},
  journal={Nature},
  volume={445},
  number={7125},
  pages={286},
  year={2007},
  publisher={Nature Publishing Group}
}
}
@article{guthrie1980inhibition,
  title={Inhibition of diffusion by the reflection effect in binary Hg--Mn stars},
  author={Guthrie, BNG and Napier, WM},
  journal={Nature},
  volume={284},
  number={5756},
  pages={536},
  year={1980},
  publisher={Nature Publishing Group}
}

