@article{yunes2013gravitational,
  title={Gravitational-wave tests of general relativity with ground-based detectors and pulsar-timing arrays},
  author={Yunes, Nicol{\'a}s and Siemens, Xavier},
  journal={Living Reviews in Relativity},
  volume={16},
  number={1},
  pages={9},
  year={2013},
  publisher={Springer}
}

@article{riles2013gravitational,
  title={Gravitational waves: Sources, detectors and searches},
  author={Riles, Keith},
  journal={Progress in Particle and Nuclear Physics},
  volume={68},
  pages={1--54},
  year={2013},
  publisher={Elsevier}
}

@article{yunes2010binary,
  title={Binary pulsar constraints on the parametrized post-Einsteinian framework},
  author={Yunes, Nicol{\'a}s and Hughes, Scott A},
  journal={Physical Review D},
  volume={82},
  number={8},
  pages={082002},
  year={2010},
  publisher={APS}
}

@article{lommen2015pulsar,
  title={Pulsar timing arrays: the promise of gravitational wave detection},
  author={Lommen, Andrea N},
  journal={Reports on Progress in Physics},
  volume={78},
  number={12},
  pages={124901},
  year={2015},
  publisher={IOP Publishing}
}

@article{ligo2019gravitational,
  title={Gravitational wave astronomy with LIGO and similar detectors in the next decade},
  author={LIGO Scientific Collaboration and others},
  journal={arXiv preprint arXiv:1904.03187},
  year={2019}
}
@article{usman2016pycbc,
  title={The PyCBC search for gravitational waves from compact binary coalescence},
  author={Usman, Samantha A and Nitz, Alexander H and Harry, Ian W and Biwer, Christopher M and Brown, Duncan A and Cabero, Miriam and Capano, Collin D and Dal Canton, Tito and Dent, Thomas and Fairhurst, Stephen and others},
  journal={Classical and Quantum Gravity},
  volume={33},
  number={21},
  pages={215004},
  year={2016},
  publisher={IOP Publishing}
}
@article{brugmann2018fundamentals,
  title={Fundamentals of numerical relativity for gravitational wave sources},
  author={Br{\"u}gmann, Bernd},
  journal={Science},
  volume={361},
  number={6400},
  pages={366--371},
  year={2018},
  publisher={American Association for the Advancement of Science}
}

@article{bender1998lisa,
  title={LISA. Laser Interferometer Space Antenna for the detection and observation of gravitational waves. An international project in the field of Fundamental Physics in Space},
  author={Bender, PL and Brillet, A and Ciufolini, I and Cruise, AM and Cutler, C and Danzmann, Karsten and Folkner, WM and Hough, J and McNamara, PW and Peterseim, M and others},
  year={1998},
  publisher={Max-Planck-Institut f{\"u}r Quantenoptik}
}
@book{ryder2009introduction,
  title={Introduction to general relativity},
  author={Ryder, Lewis},
  year={2009},
  publisher={Cambridge University Press}
}

\bibitem{gravwave}
Claus Lammerzahl(claus.laemmerzahl@zarm.uni-bremen.de) Volker Perlick (volker.perlick@zarm.uni-bremen.de)
\newblock Gravitational Waves-ZARM-Uni Bremen

\bibitem {Patrick J. Sutton}
Patrick J. Sutton
\newblock Introduction to General Relativity and Gravitational Waves,
\newblock International School of Physics "Enrico Fermi" Varenna, 2017/07/03-04

@inproceedings{degollado2017detection,
  title={The detection of gravitational waves},
  author={Degollado, Juan Carlos},
  booktitle={Journal of Physics: Conference Series},
  volume={912},
  number={1},
  pages={012018},
  year={2017},
  organization={IOP Publishing}
}

@phdthesis{huwyler2014testing,
  title={Testing General Relativity with Gravitational Waves},
  author={Huwyler, C{\'e}dric},
  year={2014},
  school={University of Zurich}
}

@article{krolak2017first,
  title={The first detection of gravitational waves},
  author={Kr{\'o}lak, Andrzej and Patil, Mandar},
  journal={Universe},
  volume={3},
  number={3},
  pages={59},
  year={2017},
  publisher={Multidisciplinary Digital Publishing Institute}
}
@phdthesis{varma2019black,
  title={Black hole simulations: from supercomputers to your laptop},
  author={Varma, Vadapalli Vijay S},
  year={2019},
  school={California Institute of Technology}
}

\bibitem{Gareth P. Alexander} 
Gareth P. Alexander.
\newblock PX436: General Relativity,
\newblock University of Warwick email: G.P.Alexander@warwick.ac.uk: 2017

@book{li2015extracting,
  title={Extracting physics from gravitational waves: testing the strong-field dynamics of general relativity and inferring the large-scale structure of the Universe},
  author={Li, Tjonnie GF},
  year={2015},
  publisher={Springer}
}

@phdthesis{da2010data,
  title={Data analysis pipeline for the spherical gravitational wave antenna MiniGRAIL},
  author={Da Silva Costa, Carlos},
  year={2010},
  school={University of Geneva}
}
@misc{bello2017gravitational,
  title={Gravitational Waves in General Relativity},
  author={Bello Arufe, Aaron},
  year={2017}
}
@article{fieldstesting,
  title={Testing The Strong Field Dynamics of General Relativity Using Compact Binary Systems},
  author={Fields, CE and Li, TGF and Isi, M and Weinstein, A}
}
@article{sathyaprakash2009physics,
  title={Physics, astrophysics and cosmology with gravitational waves},
  author={Sathyaprakash, Bangalore Suryanarayana and Schutz, Bernard F},
  journal={Living reviews in relativity},
  volume={12},
  number={1},
  pages={1--141},
  year={2009},
  publisher={Springer}
}

@article{cervantes2016brief,
  title={A brief history of gravitational waves},
  author={Cervantes-Cota, Jorge L and Galindo-Uribarri, Salvador and Smoot, George F},
  journal={Universe},
  volume={2},
  number={3},
  pages={22},
  year={2016},
  publisher={Multidisciplinary Digital Publishing Institute}
}
@article{baumgarte2011binary,
  title={Binary black hole mergers},
  author={Baumgarte, Thomas W and Shapiro, Stuart L},
  journal={Physics Today},
  volume={64},
  number={10},
  pages={32},
  year={2011}
}
@article{khan2019phenomenological,
  title={Phenomenological model for the gravitational-wave signal from precessing binary black holes with two-spin effects},
  author={Khan, Sebastian and Chatziioannou, Katerina and Hannam, Mark and Ohme, Frank},
  journal={Physical Review D},
  volume={100},
  number={2},
  pages={024059},
  year={2019},
  publisher={APS}
}

@article{purrer2013testing,
  title={Testing the validity of the single-spin approximation in inspiral-merger-ringdown waveforms},
  author={P{\"u}rrer, Michael and Hannam, Mark and Ajith, P and Husa, Sascha},
  journal={Physical Review D},
  volume={88},
  number={6},
  pages={064007},
  year={2013},
  publisher={APS}
}
@phdthesis{marchand2018studying,
  title={Studying gravitational waves of compact binary systems using post-Newtonian theory},
  author={Marchand, Tanguy},
  year={2018},
  school={Sorbonne universit{\'e}}
}

@article{will2014einstein,
  title={Was Einstein right? A centenary assessment},
  author={Will, Clifford M},
  journal={arXiv preprint arXiv:1409.7871},
  year={2014}
}
@inproceedings{huwyler2015time,
  title={A Time Domain Waveform for Testing General Relativity},
  author={Huwyler, C{\'e}dric and Porter, Edward K and Jetzer, Philippe},
  booktitle={Journal of Physics: Conference Series},
  volume={610},
  number={1},
  pages={012046},
  year={2015},
  organization={IOP Publishing}
}

@phdthesis{sampson2014testing,
  title={Testing general relativity with gravitational waves},
  author={Sampson, Laura Mae and others},
  year={2014},
  school={Montana State University-Bozeman, College of Letters \& Science}
}

@article{ghosh2017testing,
  title={Testing general relativity using gravitational wave signals from the inspiral, merger and ringdown of binary black holes},
  author={Ghosh, Abhirup and Johnson-McDaniel, Nathan K and Ghosh, Archisman and Mishra, Chandra Kant and Ajith, Parameswaran and Del Pozzo, Walter and Berry, Christopher PL and Nielsen, Alex B and London, Lionel},
  journal={Classical and Quantum Gravity},
  volume={35},
  number={1},
  pages={014002},
  year={2017},
  publisher={IOP Publishing}
}

@article{abbott2016tests,
  title={Tests of general relativity with GW150914},
  author={Abbott, Benjamin P and Abbott, R and Abbott, TD and Abernathy, MR and Acernese, F and Ackley, K and Adams, C and Adams, T and Addesso, P and Adhikari, RX and others},
  journal={arXiv preprint arXiv:1602.03841},
  year={2016}
}

@article{kokkotas2002gravitational,
  title={Gravitational wave physics},
  author={Kokkotas, Kostas D},
  journal={Encyclopedia of Physical Science and Technology},
  volume={7},
  number={3},
  pages={67--85},
  year={2002},
  publisher={Academic Press}
}
@article{marx2011gravitational,
  title={The Gravitational Wave International Committee Roadmap: The future of gravitational wave astronomy},
  author={Marx, Jay and Danzmann, Karsten and Hough, James and Kuroda, Kazuaki and McClelland, David and Mours, Benoit and Phinney, Sterl and Rowan, Sheila and Sathyaprakash, B and Vetrano, Flavio and others},
  journal={arXiv preprint arXiv:1111.5825},
  year={2011}
}
@incollection{barish2001science,
  title={The Science and Detection of Gravitational Waves},
  author={Barish, Barry C},
  booktitle={From Particles To The Universe},
  pages={1--24},
  year={2001},
  publisher={World Scientific}
}
@book{ryder2009introduction,
  title={Introduction to general relativity},
  author={Ryder, Lewis},
  year={2009},
  publisher={Cambridge University Press}
}

@book{hobson2006general,
  title={General relativity: an introduction for physicists},
  author={Hobson, Michael Paul and Efstathiou, George P and Lasenby, Anthony N},
  year={2006},
  publisher={Cambridge University Press}
}

{LOSC_Event_tutorial
\newblock $LOSC_Event_tutorial$, BINARY BLACK HOLE SIGNALS IN LIGO OPEN DATA September 28, 2018

@article{janquart2020gravitational,
  title={Gravitational waves signal analysis: Matched filtering, typical analyses and beyond.},
  author={Janquart, Justin and others},
  year={2020},
  publisher={Universit{\'e} de Li{\`e}ge, Li{\`e}ge, Belgique}
}
@article{nasir2010simulation,
  title={Simulation of gravitational waves and binary black holes space-times},
  author={Nasir, Fahad},
  year={2010}
}
@article{mastandreatesting,
  title={Testing General Relativity with Binary Black Hole Mergers},
  author={Mastandrea, Radha and Mentor, MIT and Weinstein, Alan}
}
@article{bhagwat2019towards,
  title={Towards Probing The Strong Field Gravity Using Binary Black-Hole Ringdowns},
  author={Bhagwat, Swetha},
  year={2019}
}
